@article{einstein,
    author =       "Albert Einstein",
    title =        "{Zur Elektrodynamik bewegter K{\"o}rper}. ({German})
    [{On} the electrodynamics of moving bodies]",
    journal =      "Annalen der Physik",
    volume =       "322",
    number =       "10",
    pages =        "891--921",
    year =         "1905",
    DOI =          "http://dx.doi.org/10.1002/andp.19053221004",
    keywords =     "physics",
}

@book{dirac,
    title={The Principles of Quantum Mechanics},
    author={Paul Adrien Maurice Dirac},
    isbn={9780198520115},
    series={International series of monographs on physics},
    year={1981},
    publisher={Clarendon Press},
    keywords = {physics},
}

@online{Wikimedia2014,
  author  = {Wikimedia},
  title   = {Logo HTW Berlin},
  url     = {https://upload.wikimedia.org/wikipedia/commons/7/7e/Logo_HTW_Berlin.svg},
  urldate = {2022-08-25},
  month   = oct,
  year    = {2014},
}

@online{Regensburg2018,
  author  = {Akademie Regensburg},
  title   = {Hochschullogo HTW Berlin},
  url     = {https://www.akademieregensburg.de/files/akademie/img/hochschulen_logos/18.jpg},
  urldate = {2022-08-25},
  month   = jul,
  year    = {2018},
}